@article{Shneiderman:1983:DMS:1319726.1320072,
 author = {Shneiderman, B.},
 title = {Direct Manipulation: A Step Beyond Programming Languages},
 journal = {Computer},
 issue_date = {August 1983},
 volume = {16},
 number = {8},
 month = aug,
 year = {1983},
 issn = {0018-9162},
 pages = {57--69},
 numpages = {13},
 url = {http://dx.doi.org/10.1109/MC.1983.1654471},
 doi = {10.1109/MC.1983.1654471},
 acmid = {1320072},
 publisher = {IEEE Computer Society Press},
 address = {Los Alamitos, CA, USA},
}

@ARTICLE{Green96usabilityanalysis,
    author = {T. R. G. Green and M. Petre},
    title = {Usability Analysis of Visual Programming Environments: a `cognitive dimensions' framework},
    journal = {JOURNAL OF VISUAL LANGUAGES AND COMPUTING},
    year = {1996},
    volume = {7},
    pages = {131--174}
}

@article{Hughes:1989:WFP:63410.63411,
 author = {Hughes, J.},
 title = {Why Functional Programming Matters},
 journal = {Comput. J.},
 issue_date = {April 1989},
 volume = {32},
 number = {2},
 month = apr,
 year = {1989},
 issn = {0010-4620},
 pages = {98--107},
 numpages = {10},
 url = {http://dx.doi.org/10.1093/comjnl/32.2.98},
 doi = {10.1093/comjnl/32.2.98},
 acmid = {63411},
 publisher = {Oxford University Press},
 address = {Oxford, UK},
} 

@unpublished{EWD:EWD447,
   author = "Edsger W. Dijkstra",
   title = "On the role of scientific thought",
   month = aug,
   year = "1974",
   note = "published as {\cite EWD:EWD447pub}",
   url = "http://www.cs.utexas.edu/users/EWD/ewd04xx/EWD447.PDF"
}

@incollection{EWD:EWD447pub,
   author = "Edsger W. Dijkstra",
   title = "On the role of scientific thought",
   year = "1982",
   booktitle = "Selected Writings on Computing: A Personal Perspective",
   publisher = "Springer-Verlag",
   pages = {60--66}
}

@article{recursive,
 author = {McCarthy, John},
 title = {Recursive Functions of Symbolic Expressions and Their Computation by Machine, Part I},
 journal = {Commun. ACM},
 issue_date = {April 1960},
 volume = {3},
 number = {4},
 month = apr,
 year = {1960},
 issn = {0001-0782},
 pages = {184--195},
 numpages = {12},
 url = {http://doi.acm.org/10.1145/367177.367199},
 doi = {10.1145/367177.367199},
 acmid = {367199},
 publisher = {ACM},
 address = {New York, NY, USA},
} 



@article{cardone_history_2006,
    author = {Cardone, F. and Hindley, J. R.},
    citeulike-article-id = {7025961},
    journal = {Handbook of the History of Logic},
    keywords = {combinatory-logic, history, lambda-calculus},
    posted-at = {2010-04-16 14:39:18},
    priority = {2},
    title = {{History of lambda-calculus and combinatory logic}},
    volume = {5},
    year = {2006}
}


@article{nickerson1995visual,
  title={Visual programming},
  author={Nickerson, Jeffrey Vernon},
  year={1995},
  publisher={New York University}
}

 @misc{ clojure_website,
   title = "Clojure website",
   url = "\url{https://clojure.org/}",
   note = "[Online; accessed \today]"
 }
 
 @article{Krasner:1988:CUM:50757.50759,
 author = {Krasner, Glenn E. and Pope, Stephen T.},
 title = {A Cookbook for Using the Model-view Controller User Interface Paradigm in Smalltalk-80},
 journal = {J. Object Oriented Program.},
 issue_date = {Aug./Sept. 1988},
 volume = {1},
 number = {3},
 month = aug,
 year = {1988},
 issn = {0896-8438},
 pages = {26--49},
 numpages = {24},
 url = {http://dl.acm.org/citation.cfm?id=50757.50759},
 acmid = {50759},
 publisher = {SIGS Publications},
 address = {Denville, NJ, USA},
} 

@misc{edn_format,
   title = "EDN specification",
   url = "\url{https://github.com/edn-format/edn\#tagged-elements}",
   note = "[Online; accessed \today]"
 }
